@article{tarjan1972depth,
  title={Depth-first search and linear graph algorithms},
  author="Tarjan, Robert",
  journal={SIAM journal on computing},
  volume={1},
  number={2},
  pages={146--160},
  year={1972},
  publisher={SIAM}
}

@article{lorenz2005vectorization,
  title={Vectorization techniques for the Blue Gene/L double FPU},
  author={Lorenz, Juergen and Kral, Stefan and Franchetti, Franz and Ueberhuber, Christoph W},
  journal={IBM Journal of Research and Development},
  volume={49},
  number={2.3},
  pages={437--446},
  year={2005},
  publisher={IBM}
}

@article{cytron1991efficiently,
  title={Efficiently computing static single assignment form and the control dependence graph},
  author={Cytron, Ron and Ferrante, Jeanne and Rosen, Barry K and Wegman, Mark N and Zadeck, F Kenneth},
  journal={ACM Transactions on Programming Languages and Systems (TOPLAS)},
  volume={13},
  number={4},
  pages={451--490},
  year={1991},
  publisher={ACM}
}

@inproceedings{kuck1981dependence,
  title={Dependence graphs and compiler optimizations},
  author={Kuck, David J and Kuhn, Robert H and Padua, David A and Leasure, Bruce and Wolfe, Michael},
  booktitle={Proceedings of the 8th ACM SIGPLAN-SIGACT symposium on Principles of programming languages},
  pages={207--218},
  year={1981},
  organization={ACM}
}

@book{aho2007compilers,
 title={Compilers: Principles, Techniques, \& Tools with Gradiance},
 author={Aho, Alfred V. and Lam, Monica S. and Sethi, Ravi and Ullman, Jeffrey D.},
 year={2007},
 isbn={0321547985, 9780321547989},
 edition={2nd},
 publisher={Addison-Wesley Publishing Company},
 address={USA}
} 

@inproceedings{naishlos2004autovectorization,
  title={Autovectorization in GCC},
  author={Naishlos, Dorit},
  booktitle={Proceedings of the 2004 GCC Developers Summit},
  pages={105--118},
  year={2004}
}

@inproceedings{ball1962solomon,
 author = {Ball, J. R. and Bollinger, R. C. and Jeeves, T. A. and McReynolds, R. C. and Shaffer, D. H.},
 title = {On the use of the SOLOMON parallel-processing computer},
 booktitle = {Proceedings of the December 4-6, 1962, fall joint computer conference},
 series = {AFIPS '62 (Fall)},
 year = {1962},
 location = {Philadelphia, Pennsylvania},
 pages = {137--146},
 numpages = {10},
 url = {http://doi.acm.org/10.1145/1461518.1461532},
 doi = {10.1145/1461518.1461532},
 acmid = {1461532},
 publisher = {ACM},
 address = {New York, NY, USA},
}

@article{diefendorff2000altivec,
  title={Altivec extension to PowerPC accelerates media processing},
  author={Diefendorff, Keith and Dubey, Pradeep K and Hochsprung, Ron and Scale, HASH},
  journal={Micro, IEEE},
  volume={20},
  number={2},
  pages={85--95},
  year={2000},
  publisher={IEEE}
}

@article{firasta2008intel,
  title={Intel avx: New frontiers in performance improvements and energy efficiency},
  author={Firasta, Nadeem and Buxton, Mark and Jinbo, Paula and Nasri, Kaveh and Kuo, Shihjong},
  journal={Intel White paper},
  year={2008}
}

@article{arm2005neon,
  title={Architecture and Implementation of the ARM Cortex-A8 Microprocessor},
  author={ARM},
  journal={ARM White paper},
  year={2005}
}

@article{finkel2012bbvectorize,
  title={The {L}{L}{V}{M} basic-block autovectorization pass},
  author={Finkel, Hal},
  journal={llvm-3.1/lib/Transforms/Vectorize/BBVectorize.cpp},
  year={2012}
}

@misc{riguer2006radeon,
  title={The Radeon X1000 Series Programming Guide},
  author={Riguer, Guennadi},
  year={2006},
  publisher={Radeon SDK, March}
}

@article{luebke2007gpus,
  title={How gpus work},
  author={Luebke, David and Humphreys, Greg},
  journal={Computer},
  volume={40},
  number={2},
  pages={96--100},
  year={2007},
  publisher={IEEE}
}

@article{fernando2004programming,
  title={Programming graphics hardware},
  author={Fernando, Randy and Harris, Mark and Wloka, Matthias and Zeller, Cyril},
  journal={EUROGRAPHICS (Tutorial)},
  year={2004}
}

@misc{nvidia1999geforce256,
  title={GeForce 256, The World's First GPU},
  author={nVidia Corporation},
  year={1999},
  note={\url{http://www.nvidia.com/page/geforce256.html}}
}
